@article{lauderdale2012,
  title={Compound Poissonâ€”Gamma Regression Models for Dollar Outcomes That Are Sometimes Zero},
  author={Lauderdale, Benjamin E},
  journal={Political Analysis},
  pages={387--399},
  year={2012},
  publisher={JSTOR}
}

@article{jorgensen1994,
  title={Fitting Tweedie's compound Poisson model to insurance claims data},
  author={J{\o}rgensen, Bent and Paes De Souza, Marta C},
  journal={Scandinavian Actuarial Journal},
  volume={1994},
  number={1},
  pages={69--93},
  year={1994},
  publisher={Taylor \& Francis}
}

@book{jorgensen1997,
  title={The theory of dispersion models},
  author={Jorgensen, Bent},
  year={1997},
  publisher={CRC Press}
}

@article{jorgensen1987,
  title={Exponential dispersion models},
  author={J{\o}rgensen, Bent},
  journal={Journal of the Royal Statistical Society: Series B (Methodological)},
  volume={49},
  number={2},
  pages={127--145},
  year={1987},
  publisher={Wiley Online Library}
}

@inproceedings{tweedie1984,
  title={An index which distinguishes between some important exponential families},
  author={Tweedie, Maurice CK},
  booktitle={Statistics: Applications and new directions: Proc. Indian statistical institute golden Jubilee International conference},
  volume={579},
  pages={579--604},
  year={1984}
}

@article{haakonsson2020,
  title={Predicting cyanobacterial biovolume from water temperature and conductivity using a Bayesian compound Poisson-Gamma model},
  author={Haakonsson, Signe and Rodr{\'\i}guez, Marco A and Carballo, Carmela and del Carmen P{\'e}rez, Mar{\'\i}a and Arocena, Rafael and Bonilla, Sylvia},
  journal={Water Research},
  pages={115710},
  year={2020},
  publisher={Elsevier}
}
